@article{Evans:2008zzb,
      author         = "Evans, Lyndon, and Bryant, Philip (editors)",
      title          = "{LHC Machine}",
      journal        = "JINST",
      volume         = "3",
      pages          = "S08001",
      doi            = "10.1088/1748-0221/3/08/S08001",
      year           = "2008",
}
@article{:2008zzk,
      author         = "Adolphi, R. and others",
      title          = "{The CMS experiment at the CERN LHC}",
      collaboration  = "{CMS Collaboration}",
      journal        = "JINST",
      volume         = "3",
      pages          = "S08004",
      doi            = "10.1088/1748-0221/3/08/S08004",
      year           = "2008",
}
@article{Aad:2008zzm,
      author         = "Aad, G. and others",
      title          = "{The ATLAS Experiment at the CERN LHC}",
      collaboration  = "ATLAS Collaboration",
      journal        = "JINST",
      volume         = "3",
      pages          = "S08003",
      doi            = "10.1088/1748-0221/3/08/S08003",
      year           = "2008",
}
@article{Chatrchyan:2011wba,
      author         = "{CMS Collaboration}",
      title          = "{Search for new physics with same-sign isolated dilepton
                        events with jets and missing transverse energy at the
                        LHC}",
      journal        = "JHEP",
      volume         = "1106",
      pages          = "077",
      doi            = "10.1007/JHEP06(2011)077",
      year           = "2011",
      eprint         = "1104.3168",
      archivePrefix  = "arXiv",
      primaryClass   = "hep-ex",
      reportNumber   = "CERN-PH-EP-2011-033, CMS-SUS-10-004",
      SLACcitation   = "%%CITATION = ARXIV:1104.3168;%%",
}
@article{Khachatryan:2014qwa,
      author         = "{CMS Collaboration}",
      title          = "{Searches for electroweak production of charginos,
                        neutralinos, and sleptons decaying to leptons and W, Z,
                        and Higgs bosons in pp collisions at 8 TeV}",
      journal        = "Eur.Phys.J.",
      number         = "9",
      volume         = "C74",
      pages          = "3036",
      doi            = "10.1140/epjc/s10052-014-3036-7",
      year           = "2014",
      eprint         = "1405.7570",
      archivePrefix  = "arXiv",
      primaryClass   = "hep-ex",
      reportNumber   = "CMS-SUS-13-006, CERN-PH-EP-2014-098",
      SLACcitation   = "%%CITATION = ARXIV:1405.7570;%%",
}
@article{Chatrchyan:2013lba,
      author         = "{CMS Collaboration}",
      title          = "{Observation of a new boson with mass near 125 GeV in pp
                        collisions at sqrt(s) = 7 and 8 TeV}",
      journal        = "JHEP",
      volume         = "06",
      pages          = "081",
      doi            = "10.1007/JHEP06(2013)081",
      year           = "2013",
      eprint         = "1303.4571",
      archivePrefix  = "arXiv",
      primaryClass   = "hep-ex",
      reportNumber   = "CMS-HIG-12-036, CERN-PH-EP-2013-035",
      SLACcitation   = "%%CITATION = ARXIV:1303.4571;%%",
}
@article{Aad:2012tfa,
      author         = "{ATLAS Collaboration}",
      title          = "{Observation of a new particle in the search for the
                        Standard Model Higgs boson with the ATLAS detector at the
                        LHC}",
      journal        = "Phys.Lett.",
      volume         = "B716",
      pages          = "1-29",
      doi            = "10.1016/j.physletb.2012.08.020",
      year           = "2012",
      eprint         = "1207.7214",
      archivePrefix  = "arXiv",
      primaryClass   = "hep-ex",
      reportNumber   = "CERN-PH-EP-2012-218",
      SLACcitation   = "%%CITATION = ARXIV:1207.7214;%%",
}
@article{Degrassi:2002fi,
      author         = "Degrassi, G. and Heinemeyer, S. and Hollik, W. and
                        Slavich, P. and Weiglein, G.",
      title          = "{Towards high precision predictions for the MSSM Higgs
                        sector}",
      journal        = "Eur.Phys.J.",
      volume         = "C28",
      pages          = "133-143",
      doi            = "10.1140/epjc/s2003-01152-2",
      year           = "2003",
      archivePrefix  = "arXiv",
      primaryClass   = "hep-ph",
      reportNumber   = "DCPT-02-126, IPPP-02-63, LMU-11-02, MPI-PHT-2002-73,
                        RM3-TH-02-19",
      SLACcitation   = "%%CITATION = HEP-PH/0212020;%%",
}

@article{Chamseddine:1982jx,
      author         = "Chamseddine, Ali H. and Arnowitt, Richard L. and Nath,
                        Pran",
      title          = "{Locally Supersymmetric Grand Unification}",
      journal        = "Phys.Rev.Lett.",
      volume         = "49",
      pages          = "970",
      doi            = "10.1103/PhysRevLett.49.970",
      year           = "1982",
      reportNumber   = "NUB-2559",
      SLACcitation   = "%%CITATION = PRLTA,49,970;%%",
}
@article{Arnowitt:1992aq,
      author         = "Arnowitt, Richard L. and Nath, Pran",
      title          = "{SUSY mass spectrum in SU(5) supergravity grand
                        unification}",
      journal        = "Phys.Rev.Lett.",
      volume         = "69",
      pages          = "725-728",
      doi            = "10.1103/PhysRevLett.69.725",
      year           = "1992",
      reportNumber   = "CTP-TAMU-24-92, NUB-TH-3045-92",
      SLACcitation   = "%%CITATION = PRLTA,69,725;%%",
}
@article{Kane:1993td,
      author         = "Kane, Gordon L. and Kolda, Christopher F. and Roszkowski,
                        Leszek and Wells, James D.",
      title          = "{Study of constrained minimal supersymmetry}",
      journal        = "Phys.Rev.",
      volume         = "D49",
      pages          = "6173-6210",
      doi            = "10.1103/PhysRevD.49.6173",
      year           = "1994",
      archivePrefix  = "arXiv",
      primaryClass   = "hep-ph",
      reportNumber   = "UM-TH-93-24",
      SLACcitation   = "%%CITATION = HEP-PH/9312272;%%",
}
@article{Barbieri:1987fn,
      author         = "Barbieri, Riccardo and Giudice, G.F.",
      title          = "{Upper Bounds on Supersymmetric Particle Masses}",
      journal        = "Nucl.Phys.",
      volume         = "B306",
      pages          = "63",
      doi            = "10.1016/0550-3213(88)90171-X",
      year           = "1988",
      reportNumber   = "CERN-TH-4825/87",
      SLACcitation   = "%%CITATION = NUPHA,B306,63;%%",
}
@article{Romanino:1999ut,
      author         = "Romanino, Andrea and Strumia, Alessandro",
      title          = "{Are heavy scalars natural in minimal supergravity?}",
      journal        = "Phys.Lett.",
      volume         = "B487",
      pages          = "165-170",
      doi            = "10.1016/S0370-2693(00)00806-6",
      year           = "2000",
      archivePrefix  = "arXiv",
      primaryClass   = "hep-ph",
      reportNumber   = "IFUP-TH-63-99, OUTP-99-64P",
      SLACcitation   = "%%CITATION = HEP-PH/9912301;%%",
}
@article{Feng:1999mn,
      author         = "Feng, Jonathan L. and Matchev, Konstantin T. and Moroi,
                        Takeo",
      title          = "{Multi - TeV scalars are natural in minimal
                        supergravity}",
      journal        = "Phys.Rev.Lett.",
      volume         = "84",
      pages          = "2322-2325",
      doi            = "10.1103/PhysRevLett.84.2322",
      year           = "2000",
      archivePrefix  = "arXiv",
      primaryClass   = "hep-ph",
      reportNumber   = "IASSNS-HEP-99-78, FERMILAB-PUB-99-226-T",
      SLACcitation   = "%%CITATION = HEP-PH/9908309;%%",
}
@article{Kitano:2005wc,
      author         = "Kitano, Ryuichiro and Nomura, Yasunori",
      title          = "{A Solution to the supersymmetric fine-tuning problem
                        within the MSSM}",
      journal        = "Phys.Lett.",
      volume         = "B631",
      pages          = "58-67",
      doi            = "10.1016/j.physletb.2005.10.003",
      year           = "2005",
      archivePrefix  = "arXiv",
      primaryClass   = "hep-ph",
      reportNumber   = "SLAC-PUB-11462, UCB-PTH-05-24, LBNL-58773",
      SLACcitation   = "%%CITATION = HEP-PH/0509039;%%",
}
@article{Giudice:2006sn,
      author         = "Giudice, G.F. and Rattazzi, R.",
      title          = "{Living Dangerously with Low-Energy Supersymmetry}",
      journal        = "Nucl.Phys.",
      volume         = "B757",
      pages          = "19-46",
      doi            = "10.1016/j.nuclphysb.2006.07.031",
      year           = "2006",
      archivePrefix  = "arXiv",
      primaryClass   = "hep-ph",
      reportNumber   = "CERN-PH-TH-2006-105",
      SLACcitation   = "%%CITATION = HEP-PH/0606105;%%",
}
@article{Barbieri:2009ev,
      author         = "Barbieri, Riccardo and Pappadopulo, Duccio",
      title          = "{S-particles at their naturalness limits}",
      journal        = "JHEP",
      volume         = "0910",
      pages          = "061",
      doi            = "10.1088/1126-6708/2009/10/061",
      year           = "2009",
      archivePrefix  = "arXiv",
      primaryClass   = "hep-ph",
      SLACcitation   = "%%CITATION = ARXIV:0906.4546;%%",
}
@article{Horton:2009ed,
      author         = "Horton, D. and Ross, G.G.",
      title          = "{Naturalness and Focus Points with Non-Universal Gaugino
                        Masses}",
      journal        = "Nucl.Phys.",
      volume         = "B830",
      pages          = "221-247",
      doi            = "10.1016/j.nuclphysb.2009.12.031",
      year           = "2010",
      archivePrefix  = "arXiv",
      primaryClass   = "hep-ph",
      reportNumber   = "OUTP-0919P",
      SLACcitation   = "%%CITATION = ARXIV:0908.0857;%%",
}
@ARTICLE{ref:Zwicky,
     AUTHOR       = "F. Zwicky",
     TITLE        = "{Die Rotverschiebung von extragalaktischen Nebeln}",
     JOURNAL      = "Helv.~Physica Acta",
     VOLUME       = "6",
     YEAR         = "1933",
     pages        = "110"}
@ARTICLE{ref:Trimble,
     AUTHOR       = "V. Trimble",
     TITLE        = "{The Existence and Nature of Dark Matter in the Universe}",
     JOURNAL      = "Ann.~Rev.~Astron.~Astrophys.",
     VOLUME       = "25",
     YEAR         = "1987",
     pages        = "425"}
@ARTICLE{ref:Bartelmann,
     AUTHOR       = "M. Bartelmann",
     TITLE        = "{The Dark Universe}",
     JOURNAL      = "Rev. Mod. Phys.",
     VOLUME       = "82",
     YEAR         = "2010",
     pages        = "1"}
@Article{ref:Ellis:1983ew,
     author    = "Ellis, John R. and Hagelin, J. S. and Nanopoulos, Dimitri
                  V. and Olive, Keith A. and Srednicki, M.",
     title     = "{Supersymmetric relics from the big bang}",
     journal   = "Nucl. Phys.",
     volume    = "B238",
     year      = "1984",
     pages     = "453-476",
     doi       = "10.1016/0550-3213(84)90461-9",
     SLACcitation  = "%%CITATION = NUPHA,B238,453;%%"
}
@Article{Kane:2011zd,
     author    = "Kane, Gordon L. and Kuflik, Eric and Lu, Ran and Wang,
                  Lian-Tao",
     title     = "{Top Channel for Early SUSY Discovery at the LHC}",
     year      = "2011",
     eprint    = "1101.1963",
     archivePrefix = "arXiv",
     primaryClass  =  "hep-ph",
     SLACcitation  = "%%CITATION = 1101.1963;%%"
}

@article{Chatrchyan:2012sa,
      author         = "{CMS Collaboration}",
      title          = "{Search for new physics in events with same-sign
                        dileptons and $b$-tagged jets in $pp$ collisions at
                        $\sqrt{s}=7$ TeV}",
      journal        = "JHEP",
      volume         = "1208",
      pages          = "110",
      doi            = "10.1007/JHEP08(2012)110",
      year           = "2012",
      eprint         = "1205.3933",
      archivePrefix  = "arXiv",
      primaryClass   = "hep-ex",
      reportNumber   = "CMS-SUS-11-020, CERN-PH-EP-2012-127",
      SLACcitation   = "%%CITATION = ARXIV:1205.3933;%%",
}

@article{Chatrchyan:2012paa,
      author         = "{CMS Collaboration}",
      title          = "{Search for new physics in events with same-sign
                        dileptons and $b$ jets in $pp$ collisions at $\sqrt{s}=8$
                        TeV}",
      journal        = "JHEP",
      volume         = "1303",
      pages          = "037",
      doi            = "10.1007/JHEP03(2013)037, 10.1007/JHEP07(2013)041",
      year           = "2013",
      eprint         = "1212.6194",
      archivePrefix  = "arXiv",
      primaryClass   = "hep-ex",
      reportNumber   = "CMS-SUS-12-017, CERN-PH-EP-2012-361",
      SLACcitation   = "%%CITATION = ARXIV:1212.6194;%%",
}
@article{Chatrchyan:2012ufa,
      title          = "{Observation of a new boson at a mass of 125 GeV with the
                        CMS experiment at the LHC}",
      author  = "{CMS Collaboration}",
      journal        = "Phys.Lett.",
      volume         = "B716",
      pages          = "30-61",
      doi            = "10.1016/j.physletb.2012.08.021",
      year           = "2012",
      eprint         = "1207.7235",
      archivePrefix  = "arXiv",
      primaryClass   = "hep-ex",
      reportNumber   = "CMS-HIG-12-028, CERN-PH-EP-2012-220",
      SLACcitation   = "%%CITATION = ARXIV:1207.7235;%%",
}
@article{Chatrchyan:2013iqa,
      author         = "{CMS Collaboration}",
      title          = "{Search for supersymmetry in pp collisions at
                        $\sqrt{s}$=8 TeV in events with a single lepton, large jet
                        multiplicity, and multiple b jets}",

      journal        = "Phys.Lett.",
      volume         = "B733",
      pages          = "328-353",
      doi            = "10.1016/j.physletb.2014.04.023",
      year           = "2014",
      eprint         = "1311.4937",
      archivePrefix  = "arXiv",
      primaryClass   = "hep-ex",
      reportNumber   = "CMS-SUS-13-007, CERN-PH-EP-2013-209",
      SLACcitation   = "%%CITATION = ARXIV:1311.4937;%%",
}

#ATLAS SUSY results
@Article{ref:ATLASLeptonPairs,
        collaboration ="ATLAS",
        title = "{Search for supersymmetric particles in events with lepton pairs and large missing transverse momentum in $\sqrt{s}$ = 7 TeV proton-proton collisions at the ATLAS experiment}",
        journal   = "CERN Publication Server (CDS)",
        volume = "http://cdsweb.cern.ch/record/1341564?ln=en",
        archivePrefix="arXiv:",
        eprint="1103.6214",
        year  = "2011"
}
@article{Aad:2011hh,
      author         = "Aad, Georges and others",
      title          = "{Search for supersymmetry using final states with one
                        lepton, jets, and missing transverse momentum with the
                        ATLAS detector in sqrt{s} = 7 TeV pp}",
      collaboration  = "Atlas Collaboration",
      journal        = "Phys.Rev.Lett.",
      volume         = "106",
      pages          = "131802",
      year           = "2011",
      eprint         = "1102.2357",
      archivePrefix  = "arXiv",
      primaryClass   = "hep-ex",
}

@Article{ref:ATLASBjets,
        collaboration ="ATLAS",
        title = "{Search for supersymmetry in pp collisions at $\sqrt{s}$ = 7 TeV in final states with missing transverse momentum and b-jets}",
        archivePrefix="arXiv:",
        volume = "http://cdsweb.cern.ch/record/1369212?ln=en",
        journal   = "CERN Publication Server (CDS)",
        eprint="1103.4344",
        year  = "2011"
}
@article{daCosta:2011qk,
      author         = "Aad, Georges and others",
      title          = "{Search for squarks and gluinos using final states with
                        jets and missing transverse momentum with the ATLAS
                        detector in sqrt(s) = 7 TeV proton-proton collisions}",
      collaboration  = "Atlas Collaboration",
      journal        = "Phys.Lett.",
      volume         = "B701",
      pages          = "186-203",
      doi            = "10.1016/j.physletb.2011.05.061",
      year           = "2011",
      eprint         = "1102.5290",
      archivePrefix  = "arXiv",
      primaryClass   = "hep-ex",
}
@article{Aad:2010qr,
      author         = "Aad, Georges and others",
      title          = "{Search for Diphoton Events with Large Missing Transverse
                        Energy in 7 TeV Proton-Proton Collisions with the ATLAS
                        Detector}",
      collaboration  = "ATLAS Collaboration",
      journal        = "Phys.Rev.Lett.",
      volume         = "106",
      pages          = "121803",
      year           = "2011",
      eprint         = "1012.4272",
      archivePrefix  = "arXiv",
      primaryClass   = "hep-ex",
}

@Article{ref:ATLASSFDL,
        collaboration ="ATLAS",
        title = "{Search for an excess of events with an identical flavour lepton pair and significant missing transverse momentum in s = 7 TeV proton-proton collisions with the ATLAS detector}",
        archivePrefix="arXiv:",
        volume = "http://cdsweb.cern.ch/record/1341563?ln=en",
        journal   = "CERN Publication Server (CDS)",
        year  = "2011"
}


######################################################################################


@Article{ref:Martin,
        author ="J.P. Martin",
        title ="{A Supersymmetry Primer}",
        archivePrefix="arXiv:hep-ph",
        note="arXiv:hep-ph/9709356",
        year  ="1997"
}
@Article{ref:Pavlunin,
        author ="Pavlunin, V.",
        title ="{Modeling missing transverse energy in V+jets at the CERN LHC}",
        archivePrefix="arXiv:hep-ex",
        eprint="0906.5016",
        year  ="2009"
}
@ARTICLE{ref:SUSY0,
     AUTHOR       = "Wess, J. and Zumino, B.",
     TITLE        = "{Supergauge transformations in four dimensions}",
     JOURNAL      = "Nucl. Phys",
     VOLUME       = "B 70",
     YEAR         = "1974",
     pages        = "39"}
@ARTICLE{ref:SUSY1,
     AUTHOR       = "H. P. Nilles",
     TITLE        = "{Supersymmetry, Supergravity and Particle Physics}",
     JOURNAL      = "Phys. Reports",
     VOLUME       = "110",
     YEAR         = "1984",
     pages        = "1"}
@ARTICLE{ref:SUSY2,
     AUTHOR       = "H.~E.~Haber and G.~L.~Kane",
     TITLE        = "{The Search for Supersymmetry: Probing Physics Beyond the Standard Model}",
     JOURNAL      = "Phys. Reports",
     VOLUME       = "117",
     YEAR         = "1987",
     pages        = "75"}
@Article{ref:SUSY3,
     author    = "Barbieri, Riccardo and Ferrara, S. and Savoy, Carlos A.",
     title     = "{Gauge Models with Spontaneously Broken Local
                  Supersymmetry}",
     journal   = "Phys. Lett.",
     volume    = "B119",
     year      = "1982",
     pages     = "343",
     doi       = "10.1016/0370-2693(82)90685-2",
     SLACcitation  = "%%CITATION = PHLTA,B119,343;%%"
}
@Article{ref:SUSY4,
     author    = "Dawson, Sally and Eichten, E. and Quigg, C.",
     title     = "{Search for Supersymmetric Particles in Hadron - Hadron
                  Collisions}",
     journal   = "Phys. Rev.",
     volume    = "D31",
     year      = "1985",
     pages     = "1581",
     doi       = "10.1103/PhysRevD.31.1581",
     SLACcitation  = "%%CITATION = PHRVA,D31,1581;%%"
}
@ARTICLE{ref:hierarchy1,
     AUTHOR       = "E. Witten",
     TITLE        = "{Dynamical Breaking of Supersymmetry}",
     JOURNAL      = "Nucl. Phys.",
     VOLUME       = "B 188",
     YEAR         = "1981",
     pages        = "513"}
@ARTICLE{ref:hierarchy2,
     AUTHOR       = "S. Dimopoulos and H. Georgi",
     TITLE        = "{Softly Broken Supersymmetry and SU(5)}",
     JOURNAL      = "Nucl. Phys.",
     VOLUME       = "B 193",
     YEAR         = "1981",
     pages        = "150"}     
@ARTICLE{ref:SUSY-LSP-DM,
     AUTHOR       = "G.~Jungman and M.~Kamionkowski", 
     TITLE        = "{Supersymmetric dark Matter}",
     JOURNAL      = "Phys. Report",
     VOLUME       = "267",
     YEAR         = "1996",
     pages        = "195"}
@Article{ref:CMSSM,
     author    = "Kane, Gordon L. and Kolda, Christopher F. and Roszkowski,
                  Leszek and Wells, James D.",
     title     = "{Study of constrained minimal supersymmetry}",
     journal   = "Phys. Rev.",
     volume    = "D49",
     year      = "1994",
     pages     = "6173-6210",
     eprint    = "hep-ph/9312272",
     archivePrefix = "arXiv",
     doi       = "10.1103/PhysRevD.49.6173",
     SLACcitation  = "%%CITATION = HEP-PH/9312272;%%"
}
@Article{ref:Aguilar-Saavedra,
	author = "J.A.~Aguilar-Saavedra and others",
	title = "{Probing anomalous $Wtb$ couplings in top pair decays}",
	journal = "Eur. Phys. J. ",
	volume="C 50",
	pages="519",
	year="2007"
}
@Article{ref:Czarnecki,
	author = "Czarnecki, A. and Korner, J. and Piclum, J.",
	title = "{Helicity fractions of $W$ bosons from top quark decays at next-to-next-to leading order in QCD}",
	journal = "Phys.~Rev.",
	volume="D 81",
	pages="111503(R)",
	year="2010"
}
@Article{ref:CDF_topDecayWPol,
        author ="T.~Altonen and others",
        collaboration="CDF",
        title ="{Measurement of $W$-Boson Polarization in Top-quark Decay in $p\bar p$ Collisions
        at $\sqrt s=1.96$ TeV}",
        journal="Phys. Rev. Lett.",
        volume="105",
        pages="042002",
        year="2010",
        archivePrefix="arXiv",
        eprint="1003.0224"
}
@Article{ref:Dixon_W4jets,
        author ="L.~Dixon and others",
        title ="{Precise Predictions for $W$+4 Jet Production at the Large Hadron Collider}",
        archivePrefix="arXiv",
        eprint="1009.2338"
}
@ARTICLE{ref:Blackhat,
     AUTHOR       = "Z. Bern and others",
     TITLE        = "{Left-handed $W$ bosons at the LHC}",
     archivePrefix= "arXiv",
     eprint       = "1103.5445",
     YEAR         = "2011"}
@Article{CDFLimits,
	author = "Altonen and others",
	collaboration="CDF",
	title = "{The CDF exclusion region in the $m_{1/2}$ vs. $m_{0}$ plane}",
	journal = "Phys. Rev. Lett.",
	volume="102",
	pages="121801",
	year="2009",
	archivePrefix="arXiv",
	eprint="011.2512"
}
@Article{D0Limits,
	author="Abazov and others",
	collaboration="D0",
	title = "{Search for squarks and gluinos in events with jets
                  and missing transverse energy using
                  2.1~$\mathrm{fb}^{-1}$ of p$\mathrm{\bar{p}}$
                  collision data at $\sqrt{s} = 1.96~\TeV$}",
	journal="Phys. Lett. ",
	volume="B 660",
	pages="449",
	year="2008",
	archivePrefix="arXiv",
	eprint="0712.3805"
}
@article{Abazov200934,
	title = "{Search for associated production of charginos and neutralinos in the trilepton final state using 2.3~fb$^{-1}$ of data}",
	collaboration= "D0",
	journal = "Phys. Lett.",
	volume = "B 680",
	number = "1",
	pages = "34 - 43",
	year = "2009",
	note = "",
	issn = "0370-2693",
	doi = "10.1016/j.physletb.2009.08.011"
}
@Article{LEPLimits,
	author="LEPSUSYWG",
        TITLE        = "{Joint SUSY Working Group}",
	collaboration= "ALEPH, DELPHI, L3 and OPAL",
	journal="{Notes LEPSUSYWG/01-03.1 and 04-01.1}",
	note="{http://lepsusy.web.cern.ch/lepsusy}"
}

@article{Group:2008aa,
      key            = "803733",
      title          = "{Precision Electroweak Measurements and Constraints on
                        the Standard Model}",
      author  = "ALEPH and CDF and D0 and DELPHI and L3 and OPAL and SLD
                        and LEP Electroweak Working Group and Tevatron Electroweak
                        Working Group and SLD Electroweak Working Group and Heavy
                        Flavour Group",
      year           = "2008",
      eprint         = "0811.4682",
      archivePrefix  = "arXiv",
      primaryClass   = "hep-ex",
      reportNumber   = "SLAC-PUB-14301, CERN-PH-EP-2008-020, FERMILAB-TM-2420-E,
                        LEPEWWG-2008-01, TEVEWWG-2008-01,
                        ALEPH-2008-001-PHYSICS-2008-001, CDF-NOTE-9610,
                        D0-NOTE-5802, DELPHI-2008-001-PHYS-950, L-NOTE-2834,
                        OPAL-PR428",
      SLACcitation   = "%%CITATION = ARXIV:0811.4682;%%",
}

@Article{Aaltonen:2009xp,
     author    = "Aaltonen, T. and others",
 collaboration = "CDF",
     title     = "{Search for New Physics with a Dijet plus Missing
                  Transverse Energy Signature in $p\bar{p}$ Collisions at
                  $\sqrt{s} = 1.96$ TeV}",
     journal   = "Phys. Rev. Lett.",
     volume    = "105",
     year      = "2010",
     pages     = "131801",
     eprint    = "0912.4691",
     archivePrefix = "arXiv",
     primaryClass  =  "hep-ex",
     doi       = "10.1103/PhysRevLett.105.131801",
     SLACcitation  = "%%CITATION = 0912.4691;%%"
}

{\it cite: see e.g. the results on the electroweak sector: ALEPH, CDF, D), DELPHI, L3, OPAL and SLD Collaboration, LEP Electroweak Working Group, Tevatron Electroweak Working Group and SLD electroweak heavy flavour groups, arXiv:0911.2604.}
@article{ALEPH:2010aa,
      key            = "880855",
      title          = "{Precision Electroweak Measurements and Constraints on
                        the Standard Model}",
      collaboration  = "ALEPH Collaboration, CDF Collaboration, D0 Collaboration,
                        DELPHI Collaboration, L3 Collaboration, OPAL
                        Collaboration, SLD Collaboration, LEP Electroweak Working
                        Group, Tevatron Electroweak Working Group, SLD Electroweak
                        and Heavy Flavour Groups",
      year           = "2010",
      journal  = "arXiv",
      volume         = "hep-ex/1012.2367",
      primaryClass   = "hep-ex",
      reportNumber   = "CERN-PH-EP-2010-095, FERMILAB-TM-2480-PPD,
                        LEPEWWG-2010-01, TEVEWWG-2010-01,
                        ALEPH-2010-001-PHYSICS-2010-001, CDF-NOTE-10338,
                        D0-NOTE-6130, DELPHI-DELPHI-2010-001-PHYS-952,
                        L3-NOTE-2837, OPAL-PR432, SLAC-PUB-14301",
      SLACcitation   = "%%CITATION = ARXIV:1012.2367;%%",
}

@article{Langacker:1990jh,
      author         = "Langacker, Paul",
      title          = "{Precision tests of the standard model}",
      year           = "1990",
      journal = "Boston PASCOS",
      pages   = "237-269"
  
}
@article{Ellis:1990wk,
      author         = "Ellis, John R. and Kelley, S. and Nanopoulos, Dimitri V.",
      title          = "{Probing the desert using gauge coupling unification}",
      journal        = "Phys.Lett.",
      volume         = "B260",
      pages          = "131-137",
      doi            = "10.1016/0370-2693(91)90980-5",
      year           = "1991",
}
@article{Amaldi:1991cn,
      author         = "Amaldi, Ugo and de Boer, Wim and Furstenau, Hermann",
      title          = "{Comparison of grand unified theories with electroweak
                        and strong coupling constants measured at LEP}",
      journal        = "Phys.Lett.",
      volume         = "B260",
      pages          = "447-455",
      doi            = "10.1016/0370-2693(91)91641-8",
      year           = "1991",
}
@article{Langacker:1991an,
      author         = "Langacker, Paul and Luo, Ming-xing",
      title          = "{Implications of precision electroweak experiments for
                        $M_t$, $\rho_{0}$, $\sin^2\theta_W$ and grand
                        unification}",
      journal        = "Phys.Rev.",
      volume         = "D44",
      pages          = "817-822",
      doi            = "10.1103/PhysRevD.44.817",
      year           = "1991",
}
@article{Giunti:1991ta,
      author         = "Giunti, C. and Kim, C.W. and Lee, U.W.",
      title          = "{Running coupling constants and grand unification
                        models}",
      journal        = "Mod.Phys.Lett.",
      volume         = "A6",
      pages          = "1745-1755",
      doi            = "10.1142/S0217732391001883",
      year           = "1991",
}
@Article{Cousins:2008zz,
     author    = "Cousins, Robert D. and Linnemann, James T. and Tucker,
                  Jordan",
     title     = "{Evaluation of three methods for calculating statistical
                  significance when incorporating a systematic uncertainty
                  into a test of the background-only hypothesis for a Poisson
                  process}",
     journal   = "Nucl. Instrum. Meth.",
     volume    = "A595",
     year      = "2008",
     pages     = "480-501",
     doi       = "10.1016/j.nima.2008.07.086",
     SLACcitation  = "%%CITATION = NUIMA,A595,480;%%"
}
@Article{Allanach:2008zn,
     author    = "For an overview see: B.C. Allanach",
     title     = "{SUSY Predictions and SUSY Tools at the LHC}",
     journal   = "Eur. Phys. J.",
     volume    = "C59",
     year      = "2009",
     pages     = "427-443",
     eprint    = "0805.2088",
     archivePrefix = "arXiv",
     primaryClass  =  "hep-ph",
     doi       = "10.1140/epjc/s10052-008-0695-2",
     SLACcitation  = "%%CITATION = 0805.2088;%%"
}
@Article{Sjostrand:2003wg,
     author    = "Sjostrand, Torbjorn and Lonnblad, Leif and Mrenna, Stephen
                  and Skands, Peter Z.",
     title     = "{Pythia 6.3 physics and manual}",
     year      = "2003",
     eprint    = "hep-ph/0308153",
     archivePrefix = "arXiv",
     SLACcitation  = "%%CITATION = HEP-PH/0308153;%%"
}
@Article{Maltoni:2002qb,
     author    = "Maltoni, Fabio and Stelzer, Tim",
     title     = "{MadEvent: Automatic event generation with MadGraph}",
     journal   = "JHEP",
     volume    = "02",
     year      = "2003",
     pages     = "027",
     eprint    = "hep-ph/0208156",
     archivePrefix = "arXiv",
     SLACcitation  = "%%CITATION = HEP-PH/0208156;%%"
}

@Article{Baer:2010tk,
     author    = "Baer, Howard and Barger, Vernon and Lessa, Andre and Tata,
                  Xerxes",
     title     = "{Capability of LHC to discover supersymmetry with $\sqrt{s}=7$ TeV and 1 fb${}^{-1}$}",
     journal   = "JHEP",
     volume    = "06",
     year      = "2010",
     pages     = "102",
     eprint    = "1004.3594",
     archivePrefix = "arXiv",
     primaryClass  =  "hep-ph",
     doi       = "10.1007/JHEP06(2010)102",
     SLACcitation  = "%%CITATION = 1004.3594;%%"
}


C.~Giunti, C.W.~Kim and U.W.~Lee,
  %``Running coupling constants and grand unification models,''
  Mod.\ Phys.\ Lett.\ A {\bf 6}, 1745 (1991);
  %%CITATION = MPLAE,A6,1745;%%
	
@Article{UA1Limits,
     author    = "Albajar, C. and others",
 collaboration = "UA1",
     title     = "{Events with Large Missing Transverse Energy at the CERN
                  Collider. 3. Mass Limits on Supersymmetric Particles}",
     journal   = "Phys. Lett.",
     volume    = "B198",
     year      = "1987",
     pages     = "261-270",
     doi       = "10.1016/0370-2693(87)91509-7",
     SLACcitation  = "%%CITATION = PHLTA,B198,261;%%"
}
@Article{UA2Limits,
     author    = "Ansari, R. and others",
 collaboration = "UA2",
     title     = "{Search for Exotic Processes at the CERN p anti-p
                  Collider}",
     journal   = "Phys. Lett.",
     volume    = "B195",
     year      = "1987",
     pages     = "613",
     doi       = "10.1016/0370-2693(87)91583-8",
     SLACcitation  = "%%CITATION = PHLTA,B195,613;%%"
}
@ARTICLE{ref:CMS,
     collaboration = "CMS",
     TITLE        = "{The {CMS} experiment at the {CERN} {LHC}}",
     JOURNAL      = "JINST",
     VOLUME       = "0803",
     YEAR         = "2008",
     pages        = "S08004",
    doi          = "10.1088/1748-0221/3/08/S08004"}
@Article{PAS-SUS-08-002,
     Collaboration = "CMS",
     Title = "{Data-Driven Estimation of the Invisible Z Background to the SUSY MET Plus Jets Search}",
     Journal = "CMS Physics Analysis Summary",
     Volume = "SUS-08-002",
     Year = "2008"
}
@Article{ref:PAS-EGM-10-004,
		 COLLABORATION = "CMS",
		 TITLE        = "{Electron reconstruction and identification at $\sqrt s=7$ TeV}",
		 JOURNAL      = "CMS Physics Analysis Summary",
		 VOLUME       = "EGM-10-004",
		 YEAR         = "2010"}
@Article{ref:PAS-TOP-10-002,
		 COLLABORATION = "CMS",
		 TITLE        = "{Measurement of the $t\bar t$ Pair Production Cross Section at $\sqrt s=7$~TeV using the Kinematic
                                 Properties of Leptons + Jets Events}",
		 JOURNAL      = "CMS Physics Analysis Summary",
		 VOLUME       = "TOP-10-002",
		 YEAR         = "2010"}
@Article{ref:PAS-MUO-10-002,
		 COLLABORATION = "CMS",
		 TITLE        = "{Performance of muon identification in pp collisions at $\sqrt s=7$ TeV}",
		 JOURNAL      = "CMS Physics Analysis Summary",
		 VOLUME       = "MUO-10-002",
		 YEAR         = "2010"}
@Article{ref:PAS-JME-10-004,
     COLLABORATION = "CMS",
     TITLE = "{Missing Transverse Energy Performance in Minimum-Bias and Jet Events from pp Collisions at sqrt{s}=7 TeV}",
     JOURNAL      = "CMS Physics Analysis Summary",
     VOLUME       = "JME-10-004",
     YEAR         = "2010"}
@article{Schofbeck:2010zz,
      author         = "Schofbeck, Robert",
      title          = "{Missing energy commissioning in CMS and prospects for
                        supersymmetry searches with 1 fb${}^{-1}$}",
      collaboration  = "{CMS Collaboration}",
      journal = "DESY Proceedings 2010-001",
      pages          = "307-310",
      year           = "2010",
}

@Article{ref:PAS-PFT-09-001,
		 COLLABORATION = "CMS",
		 TITLE        = "{Particle-Flow Event Reconstruction in CMS and Performance for Jets, Taus, and Missing $E_T$}",
		 JOURNAL      = "CMS Physics Analysis Summary",
		 VOLUME       = "PFT-09-001",
		 YEAR         = "2009"}
@Article{ref:PAS-PFT-10-002,
		 COLLABORATION = "CMS",
		 TITLE        = "{Commissioning of the Particle-Flow Reconstruction in Minimum-Bias and Jet Events from pp Collisions at 7 TeV}",
		 JOURNAL      = "CMS Physics Analysis Summary",
		 VOLUME       = "PFT-10-002",
		 YEAR         = "2010"}
@Article{ref:PAS-TRK-10-005,
		 COLLABORATION = "CMS",
		 TITLE        = "{Tracking and Primary Vertex Results in First 7 TeV Collisions}",
		 JOURNAL      = "CMS Physics Analysis Summary",
		 VOLUME       = "TRK-10-005",
		 YEAR         = "2010"}
@Article{ref:PAS-JME-10-003,
		 COLLABORATION = "CMS",
		 TITLE        = "{Jet Performance in pp Collisions at sqrt{s}=7 TeV}",
		 JOURNAL      = "CMS Physics Analysis Summary",
		 VOLUME       = "JME-10-003",
		 YEAR         = "2010"}
@Article{ref:PAS-JME-10-009,
		 COLLABORATION = "CMS",
		 TITLE        = "{MET performance in pp collisions at 7 TeV}",
		 JOURNAL      = "CMS Physics Analysis Summary",
		 VOLUME       = "JME-10-009",
		 YEAR         = "2010"}
@Article{PAS-JME-10-009,
		 COLLABORATION = "CMS",
		 TITLE        = "{MET performance in pp collisions at 7 TeV}",
		 JOURNAL      = "CMS Physics Analysis Summary",
		 VOLUME       = "JME-10-009",
		 YEAR         = "2010"}
@Article{ref:PAS-JME-10-010,
		 COLLABORATION = "CMS",
		 TITLE        = "{Determination of the Jet Energy Scale in CMS with pp Collisions at $\sqrt s=7$ TeV}",
		 JOURNAL      = "CMS Physics Analysis Summary",
		 VOLUME       = "JME-10-010",
		 YEAR         = "2010"}
@Article{ref:SUS-10-007,
		 COLLABORATION = "CMS",
		 TITLE        = "{Search for Physics Beyond the Standard Model in Opposite-sign Dilepton Events in pp Collisions at $\sqrt{s}$ = 7 TeV}",
                 archivePrefix= "arXiv:",
                 eprint       = "1103.1348"
}
@Article{ref:PAS-EWK-10-014,
		 COLLABORATION = "CMS",
		 TITLE        = "{First Measurement of the Polarization of $W$ Bosons with Large Transverse Momentum in $W$ + Jets Events  at a $pp$ Collider}",
		 JOURNAL      = "CMS Physics Analysis Summary",
		 VOLUME       = "EWK-10-014",
		 YEAR         = "2011"}
@ARTICLE{ref:antikt,
 		AUTHOR=       "Cacciari, M. and Salam, G.~P. and Soyez, G.",
 		TITLE        = "{The anti-kt jet clustering algorithm}",
 		JOURNAL=      "JHEP",
 		VOLUME=       "0804:063",
 		YEAR=         "2008",
 		doi		= "10.1088/1126-6708/2008/04/063"}
@ARTICLE{CMS_AN_2006-027,
     AUTHOR       = "Belotelov, I. and Golutvin, I. and Bourilkov, D. and Lanyov, A. and Rogalev, E. and Savina, M. and Shmatov, S.",
     TITLE        = "{Search for ADD extra dimensional gravity in di-muon channel with the CMS Detector}",
     JOURNAL      = "CMS Note",
     VOLUME       = "\href{http://cms.cern.ch/iCMS/jsp/openfile.jsp?type=NOTE&year=2006&files=NOTE2006_076.pdf}{2006/076}",
     YEAR         = "2006"}
@ARTICLE{CMS_NOTE_2006-106,
     AUTHOR       = "Aldaya, M. and Arce, P. and Caballero, J. and de la Cruz, B. and Garcia-Abia, P. and Hernandez, J.M. and Josa, M.I. and Ruiz, E.",
     TITLE        = "{Discovery potential and search strategy for the Standard Model Higgs boson in the $H\to ZZ^\star\to 4\mu$ decay channel using a mass-independent analysis}",
     JOURNAL      = "CMS Note",
     VOLUME       = "\href{http://cms.cern.ch/iCMS/jsp/openfile.jsp?type=NOTE&year=2006&files=NOTE2006_106.pdf}{2006/106}",
     YEAR         = "2006"}

@ARTICLE{Peskin-LP-11,
     Author  = "M. Peskin",
     TITLE   = "{``Summary of LP11 and Expectations for LP13'', talk given at Lepton+Photon 2011}",
     VOLUME  = "http://www.ino.tifr.res.in/MaKaC/getFile.py/\\access?contribId=176\&sessionId=23\&resId=0\&materialId=slides\&confId=79",
}

@Article{Brandt:1997gi,
     author    = "Brandt, A. and others",
 collaboration = "UA8",
     title     = "{Measurements of single diffraction at $\sqrt{s} =$ 630 GeV:
                  Evidence for  a non-linear $\alpha(t)$ of the pomeron}",
     journal   = "Nucl. Phys.",
     volume    = "B514",
     year      = "1998",
     pages     = "3-44",
     SLACcitation  = "%%CITATION = HEP-EX 9710004;%%",
     doi       = "10.1016/S0550-3213(97)00813-4"
}
@Article{PTDR2,
     author    = "{CMS Collaboration}",
     title     = "{CMS technical design report, volume II: Physics
                  performance}",
     journal   = "J. Phys.",
     volume    = "G34",
     year      = "2007",
     pages     = "995-1579",
     doi       = "10.1088/0954-3899/34/6/S01",
     SLACcitation  = "%%CITATION = JPHGB,G34,995;%%"
}
@Article{MET-Jinst,
     author    = "{CMS Collaboration}",
     title     = "{Missing transverse energy performance of the CMS detector}",
     journal   = "JINST",
     volume    = "(to appear)",
     year      = "2011",
     pages     = "",
     doi       = "",
     note    = "{arXiv:1106.5048}",
     archivePrefix = "arXiv",
     SLACcitation  = ""
}


http://cdsweb.cern.ch/record/1279144?ln=en
@Article{BTV-10-001,
     author    = "{CMS Collaboration}",
     title     = "{Commissioning of b-jet identification with pp collisions at $\sqrt{s}$ = 7 TeV}",
     journal   = "CERN Publication Server (CDS)",
     volume    = "http://cdsweb.cern.ch/record/1279144?ln=en",
     year      = "2010",
     pages     = "",
     doi       = "",
     SLACcitation  = ""
}
http://cdsweb.cern.ch/record/1279140?ln=en

@Article{BTV-11-001,
     author    = "{CMS Collaboration}",
     title     = "{Performance of the b-jet identification in CMS}",
     journal   = "CERN Publication Server (CDS)",
     volume    = "http://cdsweb.cern.ch/record/1366061?ln=en",
     year      = "2011",
     pages     = "",
     doi       = "",
     SLACcitation  = ""
}


@Article{MUO-10-002,
     author    = "{CMS Collaboration}",
     title     = "{Performance of muon identification in pp collisions at $\sqrt{s}$ = 7 TeV}",
     journal   = "CERN Publication Server (CDS)",
     volume    = "http://cdsweb.cern.ch/record/1279140?ln=en",
     year      = "2010",
     pages     = "",
     doi       = "",
     SLACcitation  = ""
}

@Article{EGM-10-004,
     author    = "{CMS Collaboration}",
     title     = "{Photon reconstruction and identification at sqrt(s) = 7 TeV}",
     journal   = "CERN Publication Server (CDS)",
     volume    = "http://cdsweb.cern.ch/record/1279143?ln=en",
     year      = "2010",
     pages     = "",
     doi       = "",
     SLACcitation  = ""
}

http://cdsweb.cern.ch/record/1339945?ln=en
@Article{JME-10-014,
     author    = "{CMS Collaboration}",
     title     = "{Jet Energy Resolution in CMS at $\sqrt{s}$ = 7 TeV}",
     journal   = "CERN Publication Server (CDS)",
     volume    = "http://cdsweb.cern.ch/record/1339945?ln=en",
     year      = "2010",
     pages     = "",
     doi       = "",
     SLACcitation  = ""
}
@article{Chatrchyan:2011ds,
      author         = "{CMS Collaboration}",
      title          = "{Determination of Jet Energy Calibration and Transverse
                        Momentum Resolution in CMS}",
     journal   = "CERN Publication Server (CDS)",
      volume    = "http://cdsweb.cern.ch/record/1369486?ln=en",
      collaboration  = "{CMS Collaboration}",
      year           = "2011",
      eprint         = "1107.4277",
      archivePrefix  = "arXiv",
      primaryClass   = "physics.ins-det",
}

@article{Brun:1997pa,
      author         = "Brun, R. and Rademakers, F.",
      title          = "{ROOT: An object oriented data analysis framework}",
      journal        = "Nucl.Instrum.Meth.",
      volume         = "A389",
      pages          = "81-86",
      doi            = "10.1016/S0168-9002(97)00048-X",
      year           = "1997",
}

@Article{ProfileLikelihood,
	author="T. A. Severini",
     	title="{Likelihood methods in statistics}",
	journal="Oxford University Press",
	year="2000"
}
@Article{ROOSTATS,
	author="Moneta, Belasco, Cranmer and others",
	journal="Proceedings of Science",
	title="{The RooStats Project}",
	year="2010"
}
@ARTICLE{hcalnoise,
     COLLABORATION = "CMS",
     TITLE        = "{HCAL performance from first collisions data}",
     JOURNAL      = "CMS Detector Performance Summary",
     VOLUME       = "DPS-2010/025",
     YEAR         = "2010"}
@ARTICLE{ecalnoise,
     COLLABORATION = "CMS",
     TITLE        = "{Electromagnetic calorimeter commissioning and first results with 7 TeV data}",
     JOURNAL      = "CMS Note",
     VOLUME       = "2010/012",
     YEAR         = "2010"}    
@ARTICLE{ewk_wz_xsec,
		 COLLABORATION = "CMS",
		 TITLE        = "{Measurements of inclusive W and Z cross Sections in pp collisions at 7 TeV}",
		 JOURNAL      = "CMS Note",
		 VOLUME       = "2010/116",
		 YEAR         = "2010"}
@ARTICLE{muon_reco,
	   	COLLABORATION = "CMS",
		 TITLE        = "{Muon reconstruction in the CMS detector}",
		 JOURNAL      = "CMS Note",
		 VOLUME       = "2008/097",
		 YEAR         = "2008"}
@ARTICLE{muon_id,
	          COLLABORATION = "CMS",
		 TITLE        = "{Muon identification in CMS}",
		 JOURNAL      = "CMS Note",
		 VOLUME       = "2008/098",
		 YEAR         = "2008"}
@misc{photon_id,
 note="See: https://twiki.cern.ch/twiki/bin/view/CMS/PhotonID"
}
@Article{MINOS,
	author = "Frederic James",
	title="{MINUIT Reference Manual}",
	journal="{CERN Program Librarty Writeup}",
	volume="D506"
}
@Article{madgraph,
     author    = "Alwall, Johan and others",
     title     = "{MadGraph/MadEvent v4: The New Web Generation}",
     journal   = "JHEP",
     volume    = "09",
     year      = "2007",
     pages     = "028",
     eprint    = "0706.2334",
     archivePrefix = "arXiv",
     primaryClass  =  "hep-ph",
     SLACcitation  = "%%CITATION = 0706.2334;%%"
}
@Article{pythia,
     author    = {Sj\"ostrand, Torbjorn and Mrenna, Stephen and Skands, Peter Z.},
     title     = "{PYTHIA 6.4 Physics and Manual; v6.420, tune D6T}",
     journal   = "JHEP",
     volume    = "05",
     year      = "2006",
     pages     = "026",
     note    = "arXiv:hep-ph/0603175",
     archivePrefix = "arXiv",
     SLACcitation  = "%%CITATION = HEP-PH/0603175;%%", 
}
@Article{pythia8,
     author    = {Sj\"ostrand, Torbjorn and Mrenna, Stephen and Skands, Peter Z.},
     title     = "{A Brief Introduction to PYTHIA 8.1}",
     journal   = "Comput. Phys. Commun.",
     volume    = "178",
     year      = "2008",
     pages     = "852-867",
     eprint    = "0710.3820",
     archivePrefix = "arXiv",
     primaryClass  =  "hep-ph",
     doi       = "10.1016/j.cpc.2008.01.036",
     SLACcitation  = "%%CITATION = 0710.3820;%%"
}
@Article{Beenakker:1996ch,
     author    = "Beenakker, W. and Hopker, R. and Spira, M. and Zerwas, P.",
     title     = "{Squark and gluino production at hadron colliders}",
     journal   = "Nucl. Phys.",
     volume    = "B492",
     year      = "1997",
     pages     = "51-103",
     eprint    = "hep-ph/9610490",
     archivePrefix = "arXiv",
     doi       = "10.1016/S0550-3213(97)00084-9",
     SLACcitation  = "%%CITATION = HEP-PH/9610490;%%"
}
@Article{Allanach:2001kg,
     author    = "Allanach, B. C.",
     title     = "{SOFTSUSY: a program for calculating supersymmetric
                  spectra}",
     journal   = "Comput. Phys. Commun.",
     volume    = "143",
     year      = "2002",
     pages     = "305-331",
     eprint    = "hep-ph/0104145",
     archivePrefix = "arXiv",
     doi       = "10.1016/S0010-4655(01)00460-X",
     SLACcitation  = "%%CITATION = HEP-PH/0104145;%%"
}
@Article{toppaper,
      author         = "{CMS Collaboration}",
 collaboration = "CMS",
     title     = "{First Measurement of the Cross Section for Top-Quark Pair
                  Production in Proton-Proton Collisions at sqrt(s)=7 TeV}",
     year      = "2010",
     eprint    = "1010.5994",
     archivePrefix = "arXiv",
     primaryClass  =  "hep-ex",
     SLACcitation  = "%%CITATION = 1010.5994;%%"
}

@Article{tagAndProbeTwiki,
	note="{https://twiki.cern.ch/twiki/bin/viewauth/CMS/TagAndProbe}"
}	


@Article{EcalMaskedCellTwiki,
	note="{https://twiki.cern.ch/twiki/bin/viewauth/CMS/SusyEcalMaskedCellSummary}"
}	


@Article{eleTagAndProbeTwiki,
	note="{https://twiki.cern.ch/twiki/bin/viewauth/CMS/ElectronTagAndProbe}"
}	
@Article{GEANT4,
     author    = "{GEANT4 Collaboration, S. Agostinelli et al.}",
     title     = "{GEANT4: A simulation toolkit}",
     journal   = "Nucl. Instrum. Meth.",
     volume    = "A 506",
     year      = "2003",
     pages     = "205-303"
}
@Article{CTEQ66,
     author    = {Nadolsky, P. M. and others},
     title     = "{Implications of CTEQ global analysis for collider observables”}",
     journal   = "Phys. Rev. D",
     volume    = "78",
     year      = "2008",
     pages     = "013004",
     eprint    = "0802.0007",
     archivePrefix = "arXiv",
     primaryClass  =  "hep-ph",
     doi       = "doi:10.1103/PhysRevD.78.013004"
}
@Article{LHAPDF,
     author    = {Whalley, M. R. and Bourilkov, D. and Group, R. C.},
     title     = "{The Les Houches Accord PDFs (LHAPDF) and Lhaglue}",
     eprint    = "0508110",
     archivePrefix = "arXiv",
     primaryClass  =  "hep-ph"
}
@Article{AN-10-362,
		 author = "{Lui, Honwan and others}",
		 title        = "{Top Lepton Plus Jets: Electron and Muon Efficiency Measurements for 2010 Dataset}",
		 journal      = "CMS Analysis Note",
		 volume       = "AN-2010/362",
		 year         = "2010"
}
@Article{ALPGEN,
author = "{M.L. Mangano, M. Moretti, F. Piccinini, R. Pittau and A. Polosa}",
title = "{ALPGEN, a generator for hard multiparton processes in hadronic collisions}", 
journal = "JHEP",
volume  = "0307:001",
year = "2003"
}

@article{Alwall:2008ag,
      author         = "Alwall, Johan and Schuster, Philip and Toro, Natalia",
      title          = "{Simplified Models for a First Characterization of New
                        Physics at the LHC}",
      journal        = "Phys.Rev.",
      volume         = "D79",
      pages          = "075020",
      doi            = "10.1103/PhysRevD.79.075020",
      year           = "2009",
      eprint         = "0810.3921",
      archivePrefix  = "arXiv",
      primaryClass   = "hep-ph",
}
@article{ArkaniHamed:2007fw,
      author         = "Arkani-Hamed, Nima and Schuster, Philip and Toro, Natalia
                        and Thaler, Jesse and Wang, Lian-Tao and others",
      title          = "{MARMOSET: The Path from LHC Data to the New Standard
                        Model via On-Shell Effective Theories}",
      year           = "2007",
      note         = "arXiv:hep-ph/0703088",
      archivePrefix  = "arXiv",
      primaryClass   = "HEP-PH",
}


@Article{Alves:2011wf,
     author    = "Alves, Daniele and others",
     title     = "{Simplified Models for LHC New Physics Searches}",
     year      = "2011",
     note    = "arXiv:1105.2838",
     archivePrefix = "arXiv",
     primaryClass  =  "hep-ph",
     SLACcitation  = "%%CITATION = 1105.2838;%%"
}

@Article{JuneWorkshop,
  title = "{Characterization of New Physics at the LHC-I (ATLAS/CMS/LPCC Workshop at  CERN)}",
	note = "{http://indico.cern.ch/conferenceDisplay.py?confId=94910}",
  year = 2010
}
@Article{NovWorkshop,
  title = "{Characterization of New Physics at the LHC- II (ATLAS/CMS/LPCC Workshop at  CERN)}",
  note = "{http://indico.cern.ch/conferenceDisplay.py?confId=107769}",
  year = 2010
}
@Article{lhcnewphysics,
  title = "{LHC New Physics Working Group}",
  note = {http://lhcnewphysics.org},
  year = 2010
}

#CMS SUSY References
@Article{Khachatryan:2011tk,
     author    = "{CMS Collaboration}",
     title     = "{Search for Supersymmetry in pp Collisions at 7 TeV in
                  Events with Jets and Missing Transverse Energy}",
     journal   = "Phys. Lett.",
     volume    = "B698",
     year      = "2011",
     pages     = "196-218",
     eprint    = "1101.1628",
     archivePrefix = "arXiv",
     primaryClass  =  "hep-ex",
     doi       = "10.1016/j.physletb.2011.03.021",
     SLACcitation  = "%%CITATION = 1101.1628;%%"
}
@article{Chatrchyan:2011wc,
     author    = "{CMS Collaboration}",

      title          = "{Search for Supersymmetry in $pp$ Collisions at $\sqrt{s}
                        = 7$ TeV in Events with Two Photons and Missing Transverse
                        Energy}",
      collaboration  = "{CMS Collaboration}",
      journal        = "Phys. Rev. Lett.",
      volume         = "106",
      pages          = "211802",
      doi            = "10.1103/PhysRevLett.106.211802",
      year           = "2011",
      eprint         = "1103.0953",
      archivePrefix  = "arXiv",
      primaryClass   = "hep-ex",
}
@article{Chatrchyan:2011ah,
     author    = "{CMS Collaboration}",

      title          = "{Search for supersymmetry in events with a lepton, a
                        photon, and large missing transverse energy in pp
                        collisions at sqrt(s) = 7 TeV}",
      collaboration  = "{CMS Collaboration}",
      journal        = "JHEP",
      volume         = "1106",
      pages          = "093",
      doi            = "10.1007/JHEP06(2011)093",
      year           = "2011",
      eprint         = "1105.3152",
      archivePrefix  = "arXiv",
      primaryClass   = "hep-ex",
}

@Article{SUS-PAS-10-001,
  title = "{Performance of Methods for Data-Driven Background Estimation in SUSY Searches}",
  note = "{http://cdsweb.cern.ch/record/1279147/files/SUS-10-001-pas.pdf}",
  year = 2010
}
@Article{SUS-PAS-11-001,
  author    = "{CMS Collaboration}",
  title = "{Search for a missing energy signature from New Physics in di-jet and multi-jet events}",
  volume = "{http://cdsweb.cern.ch/record/1342547?ln=en}",
  journal   = "CERN Publication Server (CDS)",
  year = 2011
}

@Article{SUS-lep-phot,
  author    = "{CMS Collaboration}",
  title = "{Search for supersymmetry in events with a lepton, a photon, and large missing transverse energy in pp collisions at $sqrt(s) = 7$ TeV}",
  volume = "{http://cdsweb.cern.ch/record/1349283?ln=en}",
  journal   = "CERN Publication Server (CDS)",
  year = 2011
}

@Article{SUS-z-met-jets,
  author    = "{CMS Collaboration}",
  title = "{Search for Physics Beyond the Standard Model in Z + MET + Jets events at the LHC}",
  volume = "{http://cdsweb.cern.ch/record/1356592?ln=en}",
  journal   = "CERN Publication Server (CDS)",
  year = 2011
}

@Article{SUS-ss-dilep,
  author    = "{CMS Collaboration}",
  title = "{Search for new physics with same-sign isolated dilepton events with jets and missing energy}",
  volume = "{http://cdsweb.cern.ch/record/1370064?ln=en}",
  journal   = "CERN Publication Server (CDS)",
  year = 2011
}

@Article{SUS-all-had-mt2,
  author    = "{CMS Collaboration}",
  title = "{Search for supersymmetry in all-hadronic events with $M_{T2}$}",
  volume = "{http://cdsweb.cern.ch/record/1377032?ln=en}",
  journal   = "CERN Publication Server (CDS)",
  year = 2011
}

@Article{SUS-all-had,
  author    = "{CMS Collaboration}",
  title = "{Search for supersymmetry in all-hadronic events with missing energy}",
  volume = "{http://cdsweb.cern.ch/record/1378478?ln=en}",
  journal   = "CERN Publication Server (CDS)",
  year = 2011
}

@Article{SUS-all-had-alphaT,
  author    = "{CMS Collaboration}",
  title = "{Search for supersymmetry in all-hadronic events with $\alpha_T$}",
  volume = "{http://cdsweb.cern.ch/record/1370596?ln=en}",
  journal   = "CERN Publication Server (CDS)",
  year = 2011
}

@Article{SUS-z-met,
  author    = "{CMS Collaboration}",
  title = "{Search for new physics in events with a Z boson and missing energy}",
  volume = "{http://cdsweb.cern.ch/record/1370066?ln=en}",
  journal   = "CERN Publication Server (CDS)",
  year = 2011
}

@Article{Alves:2011sq,
     author    = "Alves, Daniele S. M. and Izaguirre, Eder and Wacker, Jay G.
                  ",
     title     = "{Where the Sidewalk Ends: Jets and Missing Energy Search
                  Strategies for the 7 TeV LHC}",
     year      = "2011",
     note    = "arXiv:1102.5338",
     archivePrefix = "arXiv",
     primaryClass  =  "hep-ph",
     SLACcitation  = "%%CITATION = 1102.5338;%%"
}
@Article{myers,
    title = "{Steve Myers, talk at the 101st meeting of the LHCC, CERN, 5/5/2010;}",
    note = "{http://press.web.cern.ch/press/PressReleases/Releases2010/PR07.10E.html}",
    year = "2010"
}
@Article{cms-group-structure,
  title = "{CMS group structure}",
  note = {https://cms-physics.web.cern.ch/cms-physics/organigram2011.pdf},
  year = 2011
}
@article{CMS:2013xfa,
      key            = "1244669",
      title          = "{Projected Performance of an Upgraded CMS Detector at the
                        LHC and HL-LHC: Contribution to the Snowmass Process}",
      author  = "{CMS Collaboration}",
      year           = "2013",
      journal        = "arXiv:hep-ex/1307.7135",
      archivePrefix  = "arXiv",
      primaryClass   = "hep-ex",
      reportNumber   = "CMS-NOTE-13-002",
      SLACcitation   = "%%CITATION = ARXIV:1307.7135;%%",
}
@article{CMS:wwa,
      key            = "1230238",
      title          = "{Search for Supersymmetry in pp collisions at 8 TeV in  events with a single lepton, multiple jets and b-tags}",
      institution   = "{CMS Collaboration}",
      number        = "CMS-PAS-SUS-13-007",
      month         = "March",
      year          = "2013",
      journal       = "To appear in Phys.Lett.B"
}
@article{ATLAS-CONF-2013-062,
      title        = "{Search for squarks and gluinos in events with isolated
                      leptons, jets and missing transverse momentum at
                      $\sqrt{s}=8$ TeV with the ATLAS detector}",
      institution  = "CERN",
      address      = "Geneva",
      number       = "ATLAS-CONF-2013-062",
      month        = "June",
      year         = "2013",
}
@techreport{CMS-DP-2013-003,
      title        = "{Electron performance with 19.6 fb$^{-1}$ of data collected  at $\sqrt{s} = 8$ TeV with the CMS detector.}",
      volume         = "{http://cds.cern.ch/record/1523273?ln=en}",
      month        = "Mar",
      year         = "2013",
      number = "CMS-DP-2013-003"
}
@techreport{CMS-PAS-JME-12-002,
      title        = "{MET performance in 8 TeV data}",
      institution  = "CERN",
      address      = "Geneva",
      number       = "CMS-PAS-JME-12-002",
      year         = "2013",
}
@techreport{CMS-PAS-PFT-09-001,
      title        = "{Particle-Flow Event Reconstruction in CMS and Performance for Jets, Taus, and MET}",
      institution  = "CERN",
      address      = "2009. Geneva",
      number       = "CMS-PAS-PFT-09-001",
      month        = "Apr",
      year         = "2009",
}
@techreport{CMS-DP-2013-012,
      title        = "{Tau Performance Plots for 2012}",
      month        = "April",
      year         = "2013",
      volume       = "{http://cds.cern.ch/record/1545351?ln=de}",
      number   = "CMS-DP-2013-012"
}
@article{Chatrchyan:2013xna,
     author    = "{CMS Collaboration}",

      title          = "{Search for top-squark pair production in the
                        single-lepton final state in pp collisions at sqrt(s) = 8
                        TeV}",
      collaboration  = " The CMS Collaboration",
      year           = "2013",
      eprint         = "1308.1586",
      archivePrefix  = "arXiv",
      primaryClass   = "hep-ex",
      reportNumber   = "CMS-SUS-13-011, CERN-PH-EP-2013-148",
      SLACcitation   = "%%CITATION = ARXIV:1308.1586;%%",
}
@techreport{CMS-PAS-BTV-11-004,
      title        = "{b-Jet Identification in the CMS Experiment}",
      institution  = "CERN",
      address      = "Geneva",
      number       = "CMS-PAS-BTV-11-004",
      year         = "2012",
}
@techreport{CMS-PAS-BTV-13-001,
      title        = "{Performance of b tagging at sqrt(s)=8 TeV in multijet, ttbar and boosted topology events}",
      institution  = "CERN",
      address      = "Geneva",
      number       = "CMS-PAS-BTV-13-001",
      year         = "2013",
}
@techreport{CMS-PAS-TOP-12-027,
      title        = "{Measurement of differential top-quark pair production cross  sections in the lepton+jets channel in pp collisions at 8 TeV}",
      institution  = "CERN",
      address      = "Geneva",
      number       = "CMS-PAS-TOP-12-027",
      year         = "2013",
}
%https://twiki.cern.ch/twiki/pub/CMSPublic/SUSYSMSSummaryPlots8TeV/T1tttt_EPS2013.png
@Article{ref:CMSCombination,
  title="{Current CMS limits on gluino mediated top squark production are available at: https://twiki.cern.ch/twiki/pub/CMSPublic/SUSYSMSSummaryPlots8TeV/}",
}
@Article{ref:ATLASCombination,
  title="{Summary plot of ATLAS results:\\ {https://twiki.cern.ch/twiki/pub/AtlasPublic/CombinedSummaryPlots/ATLAS\_SUSY\_Gtt\_lp13.png}}",
}

@article{Farrar:1978xj,
     author         = "Farrar, Glennys R. and Fayet, Pierre",
     title          = "{Phenomenology of the Production, Decay, and Detection of
                       New Hadronic States Associated with Supersymmetry}",
     journal        = "Phys.Lett.",
     volume         = "B76",
     pages          = "575-579",
     doi            = "10.1016/0370-2693(78)90858-4",
     year           = "1978",
     reportNumber   = "CALT-68-648",
     SLACcitation   = "%%CITATION = PHLTA,B76,575;%%",
}	
@article{Dimopoulos:1981zb,
      author         = "Dimopoulos, Savas and Georgi, Howard",
      title          = "{Softly Broken Supersymmetry and SU(5)}",
      journal        = "Nucl.Phys.",
      volume         = "B193",
      pages          = "150",
      doi            = "10.1016/0550-3213(81)90522-8",
      year           = "1981",
      reportNumber   = "HUTP-81/A022",
      SLACcitation   = "%%CITATION = NUPHA,B193,150;%%",
}
@article{Weinberg:1981wj,
      author         = "Weinberg, Steven",
      title          = "{Supersymmetry at Ordinary Energies. 1. Masses and
                        Conservation Laws}",
      journal        = "Phys.Rev.",
      volume         = "D26",
      pages          = "287",
      doi            = "10.1103/PhysRevD.26.287",
      year           = "1982",
      reportNumber   = "HUTP-81-A047",
      SLACcitation   = "%%CITATION = PHRVA,D26,287;%%",
}
@article{Sakai:1981pk,
      author         = "Sakai, N. and Yanagida, Tsutomu",
      title          = "{Proton Decay in a Class of Supersymmetric Grand Unified
                        Models}",
      journal        = "Nucl.Phys.",
      volume         = "B197",
      pages          = "533",
      doi            = "10.1016/0550-3213(82)90457-6",
      year           = "1982",
      reportNumber   = "MPI-PAE/PTh 55/81",
      SLACcitation   = "%%CITATION = NUPHA,B197,533;%%",
}
@article{Dimopoulos:1981dw,
      author         = "Dimopoulos, Savas and Raby, Stuart and Wilczek, Frank",
      title          = "{Proton Decay in Supersymmetric Models}",
      journal        = "Phys.Lett.",
      volume         = "B112",
      pages          = "133",
      doi            = "10.1016/0370-2693(82)90313-6",
      year           = "1982",
      reportNumber   = "NSF-ITP-82-08, UM HE 81-64",
      SLACcitation   = "%%CITATION = PHLTA,B112,133;%%",
}
@article{Ade:2013zuv,
      author         = "Ade, P.A.R. and others",
      title          = "{Planck 2013 results. XVI. Cosmological parameters}",
      collaboration  = "Planck Collaboration",
      year           = "2013",
      eprint         = "1303.5076",
      archivePrefix  = "arXiv",
      primaryClass   = "astro-ph.CO",
      SLACcitation   = "%%CITATION = ARXIV:1303.5076;%%",
}
@Article{Hocker:2007ht,
author  = "Hoecker, Andreas and Speckmayer, Peter and Stelzer, Joerg and Therhaag, Jan and von Toerne, Eckhard and Voss, Helge",
title    =  "{TMVA: Toolkit for Multivariate Data Analysis}",
journal    =  "PoS",
volume   =  "ACAT",
year   =  "2007",
pages    =  "040",
eprint   =  "physics/0703039",
archivePrefix    =  "arXiv",
SLACcitation   =  "%%CITATION = PHYSICS/0703039;%%"} 
@article{Bai:2012gs,
      author         = "Bai, Yang and Cheng, Hsin-Chia and Gallicchio, Jason and
                        Gu, Jiayin",
      title          = "{Stop the Top Background of the Stop Search}",
      journal        = "JHEP",
      volume         = "1207",
      pages          = "110",
      doi            = "10.1007/JHEP07(2012)110",
      year           = "2012",
      archivePrefix  = "arXiv",
      primaryClass   = "hep-ph",
      reportNumber   = "SLAC-PUB-14897",
      SLACcitation   = "%%CITATION = ARXIV:1203.4813;%%",
}
@article{BFGS1,
  author = "C. G. Broyden",
  title = "{The Convergence of a Class of Double-rank Minimization Algorithms 1. General Considerations}",
  journal = "IMA J Appl. Math.",
  volume = "6(1)",
  pages = "76-90",
  year = "1970",
  doi = "10.1093/imamat/6.1.76"
}
@article{BFGS2,
  author = "R. Fletcher", 
  title = "{A new approach to variable metric algorithms}", 
  journal = "The Computer Journal",
  volume = "13(3)",
  pages = "317-322",
  year = "1970",
  doi = "10.1093/comjnl/13.3.317"
}
@article{BFGS3,
  author = "D. Goldfarb",
  title = "{A family of variable-metric methods derived by variational means}", 
  journal = "Math. Comp.",
  volume = "24",
  pages = "23-26",
  year = "1970"
}

@article{BFGS4,
  author = "D. F. Shanno",
  title = "{Conditioning of quasi-Newton methods for function minimization}",
  journal = "Math. Comp.",
  volume = "24",
  pages = "647-656",
  year = "1970",
  doi = "10.1090/S0025-5718-1970-0274029-X"
}
@article{frequentist_limit,
      author         = "Junk, T.",
      title          = "{Confidence level computation for combining searches with small statistics }",
      journal        = "Nucl. Instrum. Meth. A",
      volume         = "434",
      pages          = "435",
      doi            = "10.1016/S0168-9002(99)00498-2",
      year           = "1999",
      eprint         = "hep-ex/9902006",
      archivePrefix  = "arXiv",
      primaryClass   = "hep-ex",
      SLACcitation   = "%%CITATION = ARXIV:9902006;%%",
}
@Techreport{LEP-CLs,
       author    = "Read, A.L.",
       title = "{Modified frequentist analysis of search results (the ${CL}_s$ method)}",
       institution   = "CERN",
       number    = "CERN-OPEN-2000-005",
       year      = "2000",
       pages     = "81",
       url       = "http://cdsweb.cern.ch/record/451614"
}
@Techreport{LHC-HCG,
   author = "{ATLAS and CMS Collaborations, LHC Higgs Combination Group}",
   title = "{Procedure for the LHC Higgs boson search combination in Summer 2011}",
   url = "http://cdsweb.cern.ch/record/1379837",
   type = "ATL-PHYS-PUB/CMS NOTE",
   number = "2011-11, 2011/005",
   year = "2011"
}
@article{Beenakker:1996ed,
      author         = "Beenakker, W. and Hopker, R. and Spira, M.",
      title          = "{PROSPINO: A Program for the production of supersymmetric
                        particles in next-to-leading order QCD}",
      year           = "1996",
      eprint         = "hep-ph/9611232",
      archivePrefix  = "arXiv",
      primaryClass   = "hep-ph",
      SLACcitation   = "%%CITATION = HEP-PH/9611232;%%",
}
@article{Chatrchyan:2012sca,
     author    = "{CMS Collaboration}",

      title          = "{Search for supersymmetry in final states with a single
                        lepton, $b$-quark jets, and missing transverse energy in
                        proton-proton collisions at $\sqrt{s}=7$ TeV}",
      journal        = "Phys.Rev.",
      volume         = "D87",
      pages          = "052006",
      doi            = "10.1103/PhysRevD.87.052006",
      year           = "2013",
      eprint         = "1211.3143",
      archivePrefix  = "arXiv",
      primaryClass   = "hep-ex",
      reportNumber   = "CMS-SUS-11-028, CERN-PH-EP-2012-316",
      SLACcitation   = "%%CITATION = ARXIV:1211.3143;%%",
}
@article{Fox:1978vw,
      author         = "Fox, Geoffrey C. and Wolfram, Stephen",
      title          = "{Event Shapes in e+ e- Annihilation}",
      journal        = "Nucl.Phys.",
      volume         = "B149",
      pages          = "413",
      doi            = "10.1016/0550-3213(79)90003-8",
      year           = "1979",
      reportNumber   = "CALT-68-678",
      SLACcitation   = "%%CITATION = NUPHA,B149,413;%%",
}
@article{Fox:1978vu,
      author         = "Fox, Geoffrey C. and Wolfram, Stephen",
      title          = "{Observables for the Analysis of Event Shapes in e+ e-
                        Annihilation and Other Processes}",
      journal        = "Phys.Rev.Lett.",
      volume         = "41",
      pages          = "1581",
      doi            = "10.1103/PhysRevLett.41.1581",
      year           = "1978",
      reportNumber   = "CALT-68-680",
      SLACcitation   = "%%CITATION = PRLTA,41,1581;%%",
}
@article{Bernaciak:2012nh,
      author         = "Bernaciak, Catherine and Buschmann, Malte Sean Andreas
                        and Butter, Anja and Plehn, Tilman",
      title          = "{Fox-Wolfram Moments in Higgs Physics}",
      journal        = "Phys.Rev.",
      volume         = "D87",
      pages          = "073014",
      doi            = "10.1103/PhysRevD.87.073014",
      year           = "2013",
      eprint         = "1212.4436",
      archivePrefix  = "arXiv",
      primaryClass   = "hep-ph",
      SLACcitation   = "%%CITATION = ARXIV:1212.4436;%%",
}
@article{PhysRevD.55.5685,
  title = {Topological analysis of the top quark signal and background at hadron colliders},
  author = {Field, R. D. and Kanev, Y. and Tayebnejad, M.},
  journal = {Phys. Rev. D},
  volume = {55},
  issue = {9},
  pages = {5685--5697},
  year = {1997},
  month = {May},
  doi = {10.1103/PhysRevD.55.5685},
  url = {http://link.aps.org/doi/10.1103/PhysRevD.55.5685},
  publisher = {American Physical Society}
}
@article{CMS:2011ata,
      key            = "1199042",
      title          = "{Search for new physics with single-leptons at the LHC}",
      collaboration  = "{CMS Collaboration}",
      year           = "2011",
      reportNumber   = "CMS-PAS-SUS-11-015",
      SLACcitation   = "%%CITATION = CMS-PAS-SUS-11-015 ETC.;%%",
}
@article{CMS:2012nva,
      key            = "1199107",
      title          = "{Search for new physics with single-leptons at the LHC}",
      collaboration  = "{CMS Collaboration}",
      year           = "2012",
      reportNumber   = "CMS-PAS-SUS-12-010",
      SLACcitation   = "%%CITATION = CMS-PAS-SUS-12-010 ETC.;%%",
}


@article{Chatrchyan:2011qs,
     author    = "{CMS Collaboration}",

      title          = "{Search for supersymmetry in $pp$ collisions at
                        $\sqrt{s}=7$ TeV in events with a single lepton, jets, and
                        missing transverse momentum}",
      collaboration  = "{CMS Collaboration}",
      journal        = "JHEP",
      volume         = "1108",
      pages          = "156",
      doi            = "10.1007/JHEP08(2011)156",
      year           = "2011",
      eprint         = "1107.1870",
      archivePrefix  = "arXiv",
      primaryClass   = "hep-ex",
      reportNumber   = "CERN-PH-EP-2011-084, CMS-SUS-10-006",
      SLACcitation   = "%%CITATION = ARXIV:1107.1870;%%",
}
@article{Chatrchyan:2011tn,
     author    = "{CMS Collaboration}",

      title          = "{Missing transverse energy performance of the CMS
                        detector}",
      collaboration  = "{CMS Collaboration}",
      journal        = "JINST",
      volume         = "6",
      pages          = "P09001",
      doi            = "10.1088/1748-0221/6/09/P09001",
      year           = "2011",
      eprint         = "1106.5048",
      archivePrefix  = "arXiv",
      primaryClass   = "physics.ins-det",
      reportNumber   = "CERN-PH-EP-2011-051, CMS-JME-10-009",
      SLACcitation   = "%%CITATION = ARXIV:1106.5048;%%",
}
@techreport{CMS-PAS-JME-12-002,
      author    = "{CMS Collaboration}",
      title        = "MET performance in 8 TeV data",
      institution  = "CERN",
      address      = "Geneva",
      number       = "CMS-PAS-JME-12-002",
      year         = "2013",
}
